% Encoding: UTF-8

@Manual{beamerman,
  title  = {The beamer class: User Guide for version 3.59.},
  author = {Tantau, Till and Wright, Joseph and Mileti\'c, Vedran},
  month  = jul,
  year   = {2020},
  url    = {https://github.com/josephwright/beamer},
}

@Manual{pgfplotstableman,
  title  = {{Manual for Package PgfplotsTable: Component of pgfplots, Version 1.17}},
  author = {{Dr. Christian Feuers\"anger}},
  month  = feb,
  year   = {2020},
  url    = {http://sourceforge.net/projects/pgfplots},
}

@Manual{pgfplotsman,
  title  = {{Manual for Package pgfplots: 2D/3D Plots in \LaTeX{}, Version 1.17}},
  author = {{Dr. Christian Feuers\"anger}},
  month  = feb,
  year   = {2020},
  url    = {http://sourceforge.net/projects/pgfplots},
}

@Manual{viman,
  title  = {上海交通大学视觉形象识别系统使用手册},
  author = {上海交通大学},
  month  = apr,
  year   = {2016},
  groups = {SJ-Team},
  url    = {https://vi.sjtu.edu.cn/},
}

@Comment{jabref-meta: databaseType:bibtex;}
